<?xml version="1.0" encoding="UTF-8"?><record xmlns="http://www.loc.gov/MARC21/slim" xmlns:cinclude="http://apache.org/cocoon/include/1.0" xmlns:zs="http://www.loc.gov/zing/srw/">
  <leader>00911cz  a2200205n  4500</leader>
  <controlfield tag="001">n  88299622 </controlfield>
  <controlfield tag="003">DLC</controlfield>
  <controlfield tag="005">20000630064415.0</controlfield>
  <controlfield tag="008">890314n| acannaabn          |a aaa      </controlfield>
  <datafield tag="010" ind1=" " ind2=" ">
    <subfield code="a">n  88299622 </subfield>
  </datafield>
  <datafield tag="035" ind1=" " ind2=" ">
    <subfield code="a">(OCoLC)oca02478777</subfield>
  </datafield>
  <datafield tag="040" ind1=" " ind2=" ">
    <subfield code="a">DLC</subfield>
    <subfield code="b">eng</subfield>
    <subfield code="c">DLC</subfield>
    <subfield code="d">DLC</subfield>
    <subfield code="d">OCoLC</subfield>
  </datafield>
  <datafield tag="100" ind1="1" ind2=" ">
    <subfield code="a">Muiños i Villaverde, Ma. Jesús</subfield>
    <subfield code="q">(Maria Jesús)</subfield>
  </datafield>
  <datafield tag="400" ind1="1" ind2=" ">
    <subfield code="a">Muiños i Villaverde, Maria Jesús</subfield>
  </datafield>
  <datafield tag="400" ind1="1" ind2=" ">
    <subfield code="a">Villaverde, Ma. Jesús Muiños i</subfield>
    <subfield code="q">(Maria Jesús Muiños i)</subfield>
  </datafield>
  <datafield tag="400" ind1="1" ind2=" ">
    <subfield code="a">Muiños, Maria Jesús</subfield>
  </datafield>
  <datafield tag="400" ind1="1" ind2=" ">
    <subfield code="a">Muiños, M. J.</subfield>
    <subfield code="q">(Maria Jesús)</subfield>
  </datafield>
  <datafield tag="400" ind1="1" ind2=" ">
    <subfield code="a">Muiños Villaverde, Maria Jesús</subfield>
  </datafield>
  <datafield tag="670" ind1=" " ind2=" ">
    <subfield code="a">Her Tarragona, 1923, 1987:</subfield>
    <subfield code="b">t.p. (Ma. Jesús Muiños i Villaverde) p. 10 (Maria Jesús Muiños, M.J. Muiños)</subfield>
  </datafield>
  <datafield tag="670" ind1=" " ind2=" ">
    <subfield code="a">Aproximació al sector de la pell a Valls (segles XVI-XX), 1994:</subfield>
    <subfield code="b">t.p. (Maria Jesús Muiños i Villaverde) flap (Maria Jesús Muiños Villaverde, b. Refoxos, 1962)</subfield>
  </datafield>
</record>